
@misc{maubert2009fundamentos,
  title={Fundamentos de marketing},
  author={Maubert, Claudio and Garnica, CH},
  year={2009},
  publisher={M{\'e}xico: Pearson}
}

@misc{chalise2025mechanical,
  title={Mechanical Automation with Vision: A Design for Rubik’s Cube Solver},
  author={Chalise, Ashish and Pradhan, Nischal Gautam and Khanal, Nishan and Bista, Pramesh Raj and Kshatri, Dinesh Bahadur},
  year={2025},
  publisher={arXiv preprint arXiv:2508.12469},
  howpublished={\url{https://arxiv.org/abs/2508.12469}}
}

@misc{gronas2020robotic,
  title={Robotic Cuber: A Rubik’s Cube solving robot},
  author={Gr{\"o}n{\aa}s, Daniel and Mazur, Fredrik},
  year={2020},
  publisher={KTH Royal Institute of Technology, Stockholm},
  howpublished={\url{https://www.diva-portal.org/smash/get/diva2:1462066/FULLTEXT01.pdf}}
}

@misc{favero2025cubotino,
  title={How to make CUBOTino micro: The World’s smallest Rubik’s cube solver robot},
  author={Favero, Andrea},
  year={2025},
  publisher={GitHub / Instructables Project},
  howpublished={\url{https://github.com/AndreaFavero71/CUBOTino_micro/blob/main/doc/How_to_make_CUBOTino_micro_20250611.pdf}}
}

@misc{gonzalezaparicio2022rubikrobot,
  title        = {Fabricación de prototipo de robot solucionador del cubo de Rubik},
  author       = {Gonz{\'a}lez Aparicio, Jorge},
  year         = {2022},
  publisher    = {Universidad de Sevilla},
  howpublished = {\url{https://biblus.us.es/bibing/proyectos/abreproy/94274/fichero/TFG-4274+GONZ%C3%81LEZ+APARICIO%2C+JORGE.pdf}}
}

@misc{lopezrojas2025rubikapp,
  title        = {Desarrollo de una aplicación móvil para el control de un robot autónomo que resuelve cubos Rubik 3×3 utilizando impresión 3D y algoritmos de visión computacional},
  author       = {López Rojas, Boris Adrian},
  year         = {2025},
  publisher    = {Universidad Católica de Cuenca},
  howpublished = {\url{https://dspace.ucacue.edu.ec/server/api/core/bitstreams/71de5ae6-44d3-422e-8ec2-4907f381cb00/content}}
}

@inproceedings{gausemeier2003new,
  title        = {New Guideline VDI 2206 -- A Flexible Procedure Model for the Design of Mechatronic Systems},
  author       = {Gausemeier, J{\"u}rgen and Moehringer, Stefan},
  booktitle    = {DS 31: Proceedings of ICED 03, the 14th International Conference on Engineering Design},
  year         = {2003},
  address      = {Stockholm},
  url          = {https://www.designsociety.org/download-publication/23949/new_guideline_vdi_2206-a_flexible_procedure_model_for_the_design_}
}

@article{SilvaMera2024,
  title={Mathematical Games and Cognitive Development: A Systematic Review},
  author={Silva, Maria and Mera, Carlos},
  journal={Educational Psychology Review},
  year={2024},
  publisher={Springer}
}

@book{AquinoRobles2019,
  title={Mecatrónica: Fundamentos y Aplicaciones},
  author={Aquino, Roberto and Robles, Patricia},
  year={2019},
  publisher={Editorial Limusa},
  address={México}
}

% === NUEVAS REFERENCIAS ===

@article{haith2019shape,
  title={The shape of motor learning},
  author={Haith, Adrian M and Shadmehr, Reza},
  journal={Current Opinion in Neurobiology},
  volume={54},
  pages={163--170},
  year={2019},
  publisher={Elsevier},
  url={https://pmc.ncbi.nlm.nih.gov/articles/PMC6443249/}
}

@article{oppici2021deliberate,
  title={Deliberate Practice and Motor Learning Principles for High-Performance Coaches},
  author={Oppici, Luca and Panchuk, Derek and Serpiello, Antonio},
  journal={International Journal of Environmental Research and Public Health},
  volume={18},
  number={21},
  pages={11361},
  year={2021},
  publisher={MDPI},
  url={https://pmc.ncbi.nlm.nih.gov/articles/PMC8593185/}
}

@article{du2022relationship,
  title={The relationship between habits and motor skills in humans},
  author={Du, Y. and Lee, A. J. C. and Krakauer, J. W.},
  journal={Trends in Cognitive Sciences},
  volume={26},
  number={7},
  pages={654--667},
  year={2022},
  publisher={Elsevier},
  url={https://www.sciencedirect.com/science/article/abs/pii/S1364661322000389}
}

@misc{kociemba1992two,
  title={Two-Phase Algorithm Details},
  author={Kociemba, Herbert},
  year={1991},
  howpublished={\url{https://kociemba.org/math/imptwophase.htm}}
}

@misc{kociemba1992coords,
  title={The Two-Phase Algorithm Coordinates},
  author={Kociemba, Herbert},
  year={1991},
  howpublished={\url{https://kociemba.org/math/twophase.htm}}
}

@misc{time2014lego,
  title={Watch This LEGO Robot Solve a Rubik’s Cube in a Record 3.25 Seconds},
  author={{TIME Magazine}},
  year={2014},
  howpublished={\url{https://time.com/27557/watch-this-lego-robot-solve-a-rubiks-cube-in-a-record-3-25-seconds/}}
}

@misc{rokicki2014diameter,
  title={The Diameter of the Rubik’s Cube Group Is Twenty},
  author={Rokicki, Tomas and Kociemba, Herbert and Roke, Morley and Dethridge, John},
  year={2014},
  howpublished={\url{https://tomas.rokicki.com/rubik20.pdf}}
}

@article{khan2020opencv,
  title={Solving Rubik’s Cube Using OpenCV},
  author={Khan, A. A. and Wasim, S. and Gade, S. S.},
  journal={International Journal of Recent Advances in Science Engineering and Technology (IJRASET)},
  year={2020},
  url={https://www.ijraset.com/research-paper/solving-rubiks-cube-using-open-cv}
}

@misc{appapogu2016rubik,
  title={Rubik’s Cube Recognition and Identification Using Computer Vision},
  author={Appapogu, Saichand and Gade, Saicharan},
  year={2016},
  institution={Colorado School of Mines},
  howpublished={\url{https://cs-courses.mines.edu/csci507/projects/2016/Appapogu_Saichand.pdf}}
}

@misc{hack2015rubik,
  title={Rubik’s Cube Localization, Face Detection, and Interactive Solving},
  author={Hack, Justin and Jay, Kevin},
  year={2015},
  institution={Stanford University, CS231n Project Report},
  howpublished={\url{https://cs231n.stanford.edu/reports/2015/pdfs/jaykevin_final.pdf}}
}

@article{guerrero2023educational,
  title={Educational Mechatronics Training System Based on Computer Vision for Mobile Robots},
  author={Guerrero-Osuna, H. A. and Nava-Pintor, J. A. and Olvera-Olvera, C. A. and Ibarra-Pérez, T. and Carrasco-Navarro, R. and Luque-Vega, L. F.},
  journal={Sustainability},
  volume={15},
  number={2},
  pages={1386},
  year={2023},
  publisher={MDPI},
  url={https://www.mdpi.com/2071-1050/15/2/1386}
}

@misc{aljuboori2022application,
  title={Application of Computer Vision in Education in Mechatronic Control System},
  author={Al-Juboori, H. R. and Kadhim, A. Q. and Khudhair, A. S.},
  year={2022},
  howpublished={\url{https://www.researchgate.net/publication/361765623_Application_of_Computer_Vision_in_Education_in_Mechatronic_Control_System}}
}

@book{budynas2011shigley,
  title={Shigley’s Mechanical Engineering Design},
  author={Budynas, Richard G. and Nisbett, J. Keith},
  edition={9th},
  publisher={McGraw-Hill},
  year={2011},
  address={New York},
  url={https://dl.icdst.org/pdfs/files4/3fc7c88cb2a5f16a20ef69905c028d99.pdf}
}

@book{shigley2004handbook,
  title={Standard Handbook of Machine Design},
  author={Shigley, Joseph E. and Mischke, Charles R. and Budynas, Richard G.},
  edition={3rd},
  publisher={McGraw-Hill},
  year={2004},
  address={New York},
  url={https://iem.ca/pdf/resources/Standard%20Handbook%20of%20Machine%20Design.pdf}
}
